<?xml version="1.0" encoding="UTF-8"?><collection xmlns="http://www.loc.gov/MARC21/slim"><record><leader>00565nam--2200181-i-4500</leader><controlfield tag="001">000026363</controlfield><controlfield tag="002">20161230</controlfield><controlfield tag="005">20161230201036</controlfield><controlfield tag="008">060222s1000------------r-----000-0-fre-d</controlfield><datafield ind1=" " ind2=" " tag="040"><subfield code="a">IFIN-HH</subfield></datafield><datafield ind1=" " ind2=" " tag="041"><subfield code="a">fre</subfield></datafield><datafield ind1=" " ind2=" " tag="080"><subfield code="a">539.1.074.3:539.172.3(043)</subfield></datafield><datafield ind1="1" ind2=" " tag="100"><subfield code="a">Katsanevas, Stavros</subfield></datafield><datafield ind1="1" ind2="0" tag="245"><subfield code="a">La detecteur de photons-electrons du spectrometre omega et quelques resultats preliminaires sur le voie p -</subfield><subfield code="b">These</subfield><subfield code="c">Stavros katsanevas</subfield></datafield><datafield ind1=" " ind2=" " tag="260"><subfield code="a">Orsay</subfield><subfield code="b">Universite De Paris-sud</subfield><subfield code="c">1979</subfield></datafield><datafield ind1=" " ind2=" " tag="300"><subfield code="a">205P</subfield></datafield><datafield ind1=" " ind2=" " tag="852"><subfield code="a">49679</subfield><subfield code="c">539.17</subfield></datafield><datafield ind1=" " ind2=" " tag="CAT"><subfield code="a">Sys</subfield><subfield code="c">20120619</subfield><subfield code="h">153721</subfield></datafield></record></collection>